
@article{ pbarhe,

  title = {Correlation in time-dependent density-functional-theory studies of antiproton-helium
           collisions},
  author = {Baxter, Matthew and Kirchner, Tom},
  journal = {Phys. Rev. A},
  volume = {87},
  issue = {6},
  pages = {062507},
  numpages = {8},
  year = {2013},
  month = {Jun},
  publisher = {American Physical Society},
  doi = {10.1103/PhysRevA.87.062507},
  url = {http://link.aps.org/doi/10.1103/PhysRevA.87.062507}
}

@article{ p-he2p-he,

  title = {Time-dependent density-functional-theory studies of collisions involving He atoms: Extension
           of an adiabatic correlation-integral model},
  author = {Baxter, Matthew and Kirchner, Tom},
  journal = {Phys. Rev. A},
  volume = {93},
  issue = {1},
  pages = {012502},
  numpages = {13},
  year = {2016},
  month = {Jan},
  publisher = {American Physical Society},
  doi = {10.1103/PhysRevA.93.012502},
  url = {http://link.aps.org/doi/10.1103/PhysRevA.93.012502}
}

@article{ wb,

  title = {Adiabatic approximation of the correlation function in the density-functional treatment of
           ionization processes},
  author = {Wilken, F. and Bauer, D.},
  journal = {Phys. Rev. Lett.},
  volume = {97},
  issue = {20},
  pages = {203001},
  numpages = {4},
  year = {2006},
  month = {Nov},
  doi = {10.1103/PhysRevLett.97.203001},
  url = {http://link.aps.org/doi/10.1103/PhysRevLett.97.203001},
  publisher = {American Physical Society}
}

@article{ hk-theorem,

  title = {Inhomogeneous Electron Gas},
  author = {Hohenberg, P. and Kohn, W.},
  journal = {Phys. Rev.},
  volume = {136},
  issue = {3B},
  pages = {B864--B871},
  numpages = {0},
  year = {1964},
  month = {Nov},
  publisher = {American Physical Society},
  doi = {10.1103/PhysRev.136.B864},
  url = {http://link.aps.org/doi/10.1103/PhysRev.136.B864}
}

@book{ dft-engel,

   title = {Density Functional Theory: an advanced course},
   publisher = {Springer},
   address = {Berlin ; Heidelberg ; New York},
   year = {2011},
   author = { Engel, Eberhard and Dreizler, Reiner M.},
   doi = {10.1007/978-3-642-14090-7}
}

@Article{ vrep-lat,

   author = {Chayes, J. T. and Chayes, L. and Ruskai, Mary Beth},
   title = {Density functional approach to quantum lattice systems},
   journal = {Journal of Statistical Physics},
   year = {1985},
   volume = {38},
   number = {3},
   pages = {497--518},
   issn = {1572-9613},
   doi = {10.1007/BF01010474},
   url = {http://dx.doi.org/10.1007/BF01010474}
}

@article{ vrep-levy1,
   Author = {Levy, M},
   Title = {Universal variational functionals of electron-densities, 1st-order density-matrices, and
            natural spin-orbitals and solution of the v-representability problem},
   Journal = {Proceedings of the National Academy of Sciences of The United States of America},
   Year = {1979},
   Volume = {76},
   Number = {12},
   Pages = {6062-6065},
   Publisher = {Natl Acad Sciences},
   Address = {2101 Constitution Ave NW, Washington, DC 20418 USA},
   Type = {Article},
   Language = {English},
   Affiliation = {Levy, M (Reprint Author), Tulane Univ, Dept Chem, New Orleans, LA 70118 USA.},
   DOI = {10.1073/pnas.76.12.6062},
   ISSN = {0027-8424}
}

@article{ vrep-lieb,
   Author = {Lieb, EH},
   Title = {Density functionals for coulomb-systems},
   Journal = {International Journal of Quantum Chemistry},
   Year = {1983},
   Volume = {24},
   Number = {3},
   Pages = {243-277},
   Publisher = {Wiley-Blackwell},
   Address = {111 River St, Hoboken 07030-5774, NJ USA},
   Type = {Article},
   Language = {English},
   Affiliation = {Lieb, EH (Reprint Author), Princeton Univ, Dept Math, Princeton, NJ 08544 USA.
                  Princeton Univ, Dept Phys, Princeton, NJ 08544 USA.},
   DOI = {10.1002/qua.560240302},
   ISSN = {0020-7608}
}

@article{ vrep-levy2,

  title = {Electron densities in search of Hamiltonians},
  author = {Levy, Mel},
  journal = {Phys. Rev. A},
  volume = {26},
  issue = {3},
  pages = {1200--1208},
  numpages = {0},
  year = {1982},
  month = {Sep},
  publisher = {American Physical Society},
  doi = {10.1103/PhysRevA.26.1200},
  url = {http://link.aps.org/doi/10.1103/PhysRevA.26.1200}
}

@incollection{ vrep-rev,

   title = "Density Functional Approach to the Many-Body Problem: Key Concepts and Exact Functionals",
   editor = "",
   booktitle = "",
   publisher = "Academic Press",
   year = "2003",
   volume = "43",
   pages = "25 - 94",
   series = "Advances in Quantum Chemistry ",
   issn = "0065-3276",
   doi = "http://dx.doi.org/10.1016/S0065-3276(03)43002-5",
   url = "http://www.sciencedirect.com/science/article/pii/S0065327603430025",
   author = "Robert van Leeuwen"
}

@article{ spin-dep1,

  author={U von Barth and L Hedin},
  title={A local exchange-correlation potential for the spin polarized case. i},
  journal={Journal of Physics C: Solid State Physics},
  volume={5},
  number={13},
  pages={1629},
  url={http://stacks.iop.org/0022-3719/5/i=13/a=012},
  year={1972},
}

@article{ spin-dep2,

   Author = {Pant, MM and Rajagopal, AK},
   Title = {Theory of inhomogeneous magnetic electron-gas},
   Journal = {Solid State Communications},
   Year = {1972},
   Volume = {10},
   Number = {12},
   Pages = {1157+},
   Publisher = {Pergamon-Elsevier Science LTD},
   Address = {The Boulevard, Langford Lane, Kidlington, Oxford OX5 1GB, England},
   Type = {Article},
   Language = {English},
   DOI = {10.1016/0038-1098(72)90934-9},
   ISSN = {0038-1098}
}

@article{ ks-eq,

  title = {Self-Consistent Equations Including Exchange and Correlation Effects},
  author = {Kohn, W. and Sham, L. J.},
  journal = {Phys. Rev.},
  volume = {140},
  issue = {4A},
  pages = {A1133--A1138},
  numpages = {0},
  year = {1965},
  month = {Nov},
  publisher = {American Physical Society},
  doi = {10.1103/PhysRev.140.A1133},
  url = {http://link.aps.org/doi/10.1103/PhysRev.140.A1133}
}

@article{ nonint1,

   Author = {Englisch, H AND Englisch, R},
   Title = {Exact density functionals for ground-state energies .1. general results},
   Journal = {Physica Status Solidi B-Basic Research},
   Year = {1984},
   Volume = {123},
   Number = {2},
   Pages = {711-721},
   Publisher = {Akademie Verlag GMBH},
   Address = {Muhlenstrasse 33-34, D-13187 Berlin, Germany},
   Type = {Article},
   Language = {English},
   Affiliation = {Englisch, H (Reprint Author), Karl Marx Univ,Sekt Math,DDR-7010 Leipzig,Ger Dem Rep.
      KarL Marx Univ,Sekt PhyS,DDR-7010 Leipzig,Ger Dem Rep.},
   doi = {10.1002/pssb.2221230238}
}

@article{ nonint2,

   Author = {Englisch, H and Englisch, R},
   Title = {Exact density functionals for ground-state energies .2. details and remarks},
   Journal = {{Physica Status Solidi B-Basic Research}},
   Year = {1984},
   Volume = {124},
   Number = {1},
   Pages = {373-379},
   Publisher = {Akademie Verlag GMBH},
   Address = {Muhlenstrasse 33-34, D-13187 Berlin, Germany},
   Type = {{Article}},
   Language = {English},
   Affiliation = {Englisch, H (Reprint Author), Karl Marx Univ,Sekt Math,DDR-7010 Leipzig,Ger Dem Rep.
      Karl Marx Univ,Sekt Phys,DDR-7010 Leipzig,Ger Dem Rep.},
   doi = {10.1002/pssb.2221240140}
}

@article{ spin-dep3,

  title = {Inhomogeneous Electron Gas},
  author = {Rajagopal, A. K. and Callaway, J.},
  journal = {Phys. Rev. B},
  volume = {7},
  issue = {5},
  pages = {1912--1919},
  numpages = {0},
  year = {1973},
  month = {Mar},
  publisher = {American Physical Society},
  doi = {10.1103/PhysRevB.7.1912},
  url = {http://link.aps.org/doi/10.1103/PhysRevB.7.1912}
}

@article{ opm1,

  title = {A Variational Approach to the Unipotential Many-Electron Problem},
  author = {Sharp, R. T. and Horton, G. K.},
  journal = {Phys. Rev.},
  volume = {90},
  issue = {2},
  pages = {317--317},
  numpages = {0},
  year = {1953},
  month = {Apr},
  publisher = {American Physical Society},
  doi = {10.1103/PhysRev.90.317},
  url = {http://link.aps.org/doi/10.1103/PhysRev.90.317}
}

@article{ opm2,

  title = {Optimized effective atomic central potential},
  author = {Talman, James D. and Shadwick, William F.},
  journal = {Phys. Rev. A},
  volume = {14},
  issue = {1},
  pages = {36--40},
  numpages = {0},
  year = {1976},
  month = {Jul},
  publisher = {American Physical Society},
  doi = {10.1103/PhysRevA.14.36},
  url = {http://link.aps.org/doi/10.1103/PhysRevA.14.36}
}

@article{ opm3,

  title = {Exact Kohn-Sham scheme based on perturbation theory},
  author = {G\"orling, Andreas and Levy, Mel},
  journal = {Phys. Rev. A},
  volume = {50},
  issue = {1},
  pages = {196--204},
  numpages = {0},
  year = {1994},
  month = {Jul},
  publisher = {American Physical Society},
  doi = {10.1103/PhysRevA.50.196},
  url = {http://link.aps.org/doi/10.1103/PhysRevA.50.196}
}

@article{ opm4,

  title = {Density-Functional Theory of the Energy Gap},
  author = {Sham, L. J. and Schl\"uter, M.},
  journal = {Phys. Rev. Lett.},
  volume = {51},
  issue = {20},
  pages = {1888--1891},
  numpages = {0},
  year = {1983},
  month = {Nov},
  publisher = {American Physical Society},
  doi = {10.1103/PhysRevLett.51.1888},
  url = {http://link.aps.org/doi/10.1103/PhysRevLett.51.1888}
}

@article{ opm5,
  title = {Generalization of the optimized-effective-potential model to include electron correlation:
           A variational derivation of the Sham-Schl\"uter equation for the exact exchange-correlation
           potential},
  author = {Casida, Mark E.},
  journal = {Phys. Rev. A},
  volume = {51},
  issue = {3},
  pages = {2005--2013},
  numpages = {0},
  year = {1995},
  month = {Mar},
  publisher = {American Physical Society},
  doi = {10.1103/PhysRevA.51.2005},
  url = {http://link.aps.org/doi/10.1103/PhysRevA.51.2005}
}

@article{ opm-rev,

   Author = {Engel, E and Dreizler, RM},
   Title = {From explicit to implicit density functionals},
   Journal = {Journal of Computational Chemistry},
   Year = {1999},
   Volume = {20},
   Number = {1},
   Pages = {31-50},
   Month = {Jan 15},
   Publisher = {WILEY-BLACKWELL},
   Address = {111 River ST, Hoboken 07030-5774, NJ USA},
   Type = {Article},
   Language = {English},
   Affiliation = {Goethe Univ Frankfurt, Inst Theoret Phys, Robert Mayer Str 8-10,
                  D-60054 Frankfurt, Germany. Goethe Univ Frankfurt, Inst Theoret Phys,
                  D-60054 Frankfurt, Germany.},
   doi = {10.1002/(SICI)1096-987X(19990115)20:1<31::AID-JCC6>3.0.CO;2-P}
}

@article{ kli1,

   Author = {Krieger, JB and LI, Y and Iafrate, GJ},
   Title = {Derivation and application of an accurate kohn-sham potential with
            integer discontinuity},
   Journal = {Physics Letters A},
   Year = {1990},
   Volume = {146},
   Number = {5},
   Pages = {256-260},
   Month = {May 28},
   Publisher = {{ELSEVIER SCIENCE BV}},
   Address = {PO Box 211, 1000 AE Amsterdam, Netherlands},
   Type = {{Article}},
   Language = {{English}},
   Affiliation = {Krieger, JB (Reprint Author), Cuny Brooklyn Coll,Dept Phys,Brooklyn,NY 11210, USA.
      USA,Electr Technol \& Devices Lab,FT Monmouth,NJ 07703.},
   doi = {10.1016/0375-9601(90)90975-T}
}

@article{ kli2,

  title = {Systematic approximations to the optimized effective potential: Application to
           orbital-density-functional theory},
  author = {Krieger, J. B. and Li, Yan and Iafrate, G. J.},
  journal = {Phys. Rev. A},
  volume = {46},
  issue = {9},
  pages = {5453--5458},
  numpages = {0},
  year = {1992},
  month = {Nov},
  publisher = {American Physical Society},
  doi = {10.1103/PhysRevA.46.5453},
  url = {http://link.aps.org/doi/10.1103/PhysRevA.46.5453}
}

@article{ kli3,

  title = {Approximate relativistic optimized potential method},
  author = {Kreibich, T. and Gross, E. K. U. and Engel, E.},
  journal = {Phys. Rev. A},
  volume = {57},
  issue = {1},
  pages = {138--148},
  numpages = {0},
  year = {1998},
  month = {Jan},
  publisher = {American Physical Society},
  doi = {10.1103/PhysRevA.57.138},
  url = {http://link.aps.org/doi/10.1103/PhysRevA.57.138}
}

@article{ rgt,

  title = {Density-Functional Theory for Time-Dependent Systems},
  author = {Runge, Erich and Gross, E. K. U.},
  journal = {Phys. Rev. Lett.},
  volume = {52},
  issue = {12},
  pages = {997--1000},
  numpages = {0},
  year = {1984},
  month = {Mar},
  publisher = {American Physical Society},
  doi = {10.1103/PhysRevLett.52.997},
  url = {http://link.aps.org/doi/10.1103/PhysRevLett.52.997}
}

@book{ tddft,

  title = {Fundamentals of time-dependent density functional theory},
  publisher = {Springer Berlin Heidelberg},
  address = {Berlin},
  year = {2012},
  editor = {Marques, Miguel A.L.},
  series = {Lecture Notes in Physics},
  volume = {837},
  doi = {10.1007/978-3-642-23518-4}
}

@incollection{ marques-1,

  author = {Gross, E. K. U. and Burke, K.},
  title = {Basics},
  booktitle = {Time-Dependent Density Functional Theory},
  publisher = {Springer-Verlag},
  address = {Berlin},
  year = {2006},
  editor = {Marques, Miguel A.L.},
  chapter = {1}
}

@article{ qmaction,

   Author = {Lowdin, PO and Mukherjee, PK},
   Title = {Some comments on time-Dependent variation principle},
   Journal = {Chemistry and Physics of Lipids},
   Year = {1972},
   Volume = {14},
   Number = {1},
   Pages = {1+},
   Publisher = {ELSEVIER IRELAND LTD},
   Address = {Elsevier House, Brookvale Plaza, East Park Shannon, CO, Clare, 00000, Ireland},
   Type = {Article},
   Language = {{English}},
   doi = {10.1016/0009-2614(72)87127-6}
}

@article{ tddft-causality,

   Author = {Amusia, MY and Shaginyan, VR},
   Title = {Relations between action integral, response functions, and causality in density functional
            theory},
   Journal = {Physics Letters A},
   Year = {1998},
   Volume = {250},
   Number = {1-3},
   Pages = {157-162},
   Month = {Dec 21},
   Publisher = {Elsevier Science BV},
   Address = {PO Box 211, 1000 AE Amsterdam, Netherlands},
   Type = {Article},
   Language = {English},
   Affiliation = {Hebrew Univ Jerusalem, Racah Inst Phys, IL-91904 Jerusalem, Israel.
      Hebrew Univ Jerusalem, Racah Inst Phys, IL-91904 Jerusalem, Israel.
      Russian Acad Sci, Phys Tech Inst, St Petersburg 196140, Russia.
      Russian Acad Sci, St Petersburg Nucl Phys Inst, Gatchina 188350, Russia.},
   doi = {10.1016/S0375-9601(98)00780-4}
}

@article{ td-vrep,

  author={Michael Ruggenthaler and Markus Penz and Robert van Leeuwen},
  title={Existence, uniqueness, and construction of the density-potential mapping in time-dependent
         density-functional theory},
  journal={Journal of Physics: Condensed Matter},
  volume={27},
  number={20},
  pages={203202},
  url={http://stacks.iop.org/0953-8984/27/i=20/a=203202},
  year={2015}
}

@article{ caus-sol1,

  title = {Causality and Symmetry in Time-Dependent Density-Functional Theory},
  author = {van Leeuwen, Robert},
  journal = {Phys. Rev. Lett.},
  volume = {80},
  issue = {6},
  pages = {1280--1283},
  numpages = {0},
  year = {1998},
  month = {Feb},
  publisher = {American Physical Society},
  doi = {10.1103/PhysRevLett.80.1280},
  url = {http://link.aps.org/doi/10.1103/PhysRevLett.80.1280}
}

@article{ caus-sol2,

  title = {Real-time resolution of the causality paradox of time-dependent density-functional theory},
  author = {Vignale, Giovanni},
  journal = {Phys. Rev. A},
  volume = {77},
  issue = {6},
  pages = {062511},
  numpages = {9},
  year = {2008},
  month = {Jun},
  publisher = {American Physical Society},
  doi = {10.1103/PhysRevA.77.062511},
  url = {http://link.aps.org/doi/10.1103/PhysRevA.77.062511}
}

@article{ td-welldef,

  title = {Time-Dependent Density-Functional Theory: Conceptual and Practical Aspects},
  author = {Kohl, H. and Dreizler, R. M.},
  journal = {Phys. Rev. Lett.},
  volume = {56},
  issue = {19},
  pages = {1993--1995},
  numpages = {0},
  year = {1986},
  month = {May},
  publisher = {American Physical Society},
  doi = {10.1103/PhysRevLett.56.1993},
  url = {http://link.aps.org/doi/10.1103/PhysRevLett.56.1993}
}

@article{ td-spindep,

   Author = {Petersilka, M and Gross, EKU},
   Title = {Spin-multiplet energies from time-dependent density functional theory},
   Journal = {International Journal of Quantum Chemistry},
   Year = {1996},
   Volume = {60},
   Number = {7},
   Pages = {1393-1401},
   Month = {Dec 15},
   Publisher = {Wiley-Blackwell},
   Address = {111 River ST, Hoboken 07030-5774, NJ USA},
   Type = {Article},
   Language = {English},
   Affiliation = {Univ Wurzburg, Inst Theoret Phys, D-97074 Wurzburg, Germany.},
   doi = {10.1002/(SICI)1097-461X(1996)60:7<1393::AID-QUA21>3.0.CO;2-4}
}

@article{ tdopm,

  title = {Time-Dependent Optimized Effective Potential},
  author = {Ullrich, C. A. and Gossmann, U. J. and Gross, E. K. U.},
  journal = {Phys. Rev. Lett.},
  volume = {74},
  issue = {6},
  pages = {872--875},
  numpages = {0},
  year = {1995},
  month = {Feb},
  publisher = {American Physical Society},
  doi = {10.1103/PhysRevLett.74.872},
  url = {http://link.aps.org/doi/10.1103/PhysRevLett.74.872}
}

@article{ tdkli1,

   Author = {Marques, MAL and Castro, A and Rubio, A},
   Title = {Assessment of exchange-correlation functionals for the calculation of dynamical properties
            of small clusters in time-dependent density functional theory},
   Journal = {Journal of Chemical Physics},
   Year = {2001},
   Volume = {115},
   Number = {7},
   Pages = {3006-3014},
   Month = {Aug 15},
   Publisher = {Amer Inst Physics},
   Address = {{1305 Walt Whitman RD, Ste 300, Melville, NY 11747-4501 USA}},
   Type = {Article},
   Language = {English},
   Affiliation = {Univ Valladolid, Dept Fis Teor, E-47011 Valladolid, Spain.
      Univ Valladolid, Dept Fis Teor, E-47011 Valladolid, Spain.
      Univ Coimbra, Dept Fis, Ctr Fis Computac, P-3004516 Coimbra, Portugal.
      Ecole Polytech, CNRS, CEA, Lab Solides Irradies, F-91128 Palaiseau, France.
      Donostia Int, Phys Ctr, San Sebastian 20018, Spain.},
   doi = {10.1063/1.1385368}
}

@article{ tdkli2,

   Author = {Chu, SI},
   Title = {Recent development of self-interaction-free time-dependent
      density-functional theory for nonperturbative treatment of atomic and
      molecular multiphoton processes in intense laser fields},
   Journal = {Journal of Chemical Physics},
   Year = {2005},
   Volume = {123},
   Number = {6},
   Month = {Aug 8},
   Publisher = {Amer Inst Physics},
   Address = {1305 Walt Whitman RD, STE 300, Melville, NY 11747-4501 USA},
   Type = {Review},
   Language = {English},
   Affiliation = {Univ Kansas, Dept Chem, Lawrence, KS 66045 USA.
      Univ Kansas, Dept Chem, Lawrence, KS 66045 USA.
      Kansas Ctr Adv Sci Comp, Lawrence, KS 66045 USA.}},
   doi = {10.1063/1.1904587},
   Article-Number = {062207}
}

@article{ tdkli3,

  title = {Simplified implementation of self-interaction correction in sodium clusters},
  author = {Ullrich, C. A. and Reinhard, P.-G. and Suraud, E.},
  journal = {Phys. Rev. A},
  volume = {62},
  issue = {5},
  pages = {053202},
  numpages = {9},
  year = {2000},
  month = {Oct},
  publisher = {American Physical Society},
  doi = {10.1103/PhysRevA.62.053202},
  url = {http://link.aps.org/doi/10.1103/PhysRevA.62.053202}
}


